@article{Jain, 
 author = {Jain, A. and Zongker, D.}, 
 journal = {Pattern Analysis and Machine Intelligence, IEEE Transactions on}, 
 title = {Feature selection: evaluation, application, and small sample performance}, 
 year = {1997}, 
 month = {Feb}, 
 volume = {19}, 
 number = {2}, 
 pages = {153–158}, 
 keywords = {feature extraction;genetic algorithms;image classification;image texture;remote sensing;SAR satellite images;dimensionality;feature selection;genetic algorithm;land use classification;node pruning;sequential forward floating selection algorithm;texture models;Costs;Feature extraction;Genetic algorithms;Image classification;Mathematical model;Satellites;Sensor fusion;Sensor phenomena and characterization;Sequential analysis;Shape}, 
 doi = {10.1109/34.574797}, 
 ISSN = {0162-8828},
}

@inproceedings{Parate:2014:RRS:2594368.2594379,
 author = {Parate, Abhinav and Chiu, Meng-Chieh and Chadowitz, Chaniel and Ganesan, Deepak and Kalogerakis, Evangelos},
 title = {RisQ: Recognizing Smoking Gestures with Inertial Sensors on a Wristband},
 booktitle = {Proceedings of the 12th Annual International Conference on Mobile Systems, Applications, and Services},
 series = {MobiSys '14},
 year = {2014},
 isbn = {978-1-4503-2793-0},
 location = {Bretton Woods, New Hampshire, USA},
 pages = {149--161},
 numpages = {13},
 url = {http://doi.acm.org/10.1145/2594368.2594379},
 doi = {10.1145/2594368.2594379},
 acmid = {2594379},
 publisher = {ACM},
 address = {New York, NY, USA},
 keywords = {inertial measurement unit, mobile computing, smoking detection, wearables},
}

@inproceedings{LiKamWa:2013:MBM:2462456.2464449,
 author = {LiKamWa, Robert and Liu, Yunxin and Lane, Nicholas D. and Zhong, Lin},
 title = {MoodScope: Building a Mood Sensor from Smartphone Usage Patterns},
 booktitle = {Proceeding of the 11th Annual International Conference on Mobile Systems, Applications, and Services},
 series = {MobiSys '13},
 year = {2013},
 isbn = {978-1-4503-1672-9},
 location = {Taipei, Taiwan},
 pages = {389--402},
 numpages = {14},
 url = {http://doi.acm.org/10.1145/2462456.2464449},
 doi = {10.1145/2462456.2464449},
 acmid = {2464449},
 publisher = {ACM},
 address = {New York, NY, USA},
 keywords = {affective computing, machine learning, mobile systems, mood, smartphone usage},
}

@article{Thomas,
 author = {Thomas, David},
 journal = {Journal of the American Medical Directors Association},
 title = {Understanding clinical dehydration and its treatment},
 year = {2008},
 pages = {292—301},
}

@article{Korting,
 author = {Korting, Thales},
 journal = {Image Processing Division, National Institute for Space Research},
 title = {C4.5 algorithm and Multivariate Decision Trees},
 year = {2008},
 pages = {292—301},
}

@misc{Chickpin,
howpublished = {\url{https://play.google.com/store/apps/details?id=chickpin.water}},
title = {Chickpin Drinking Water Application},
author = {Chickpin}
}

@misc{Aqualert,
howpublished = {\url{https://play.google.com/store/apps/details?id=com.overseasolutions.waterapp.app}},
title = {Aqualert Drinking Water Application},
author = {Health and Fitness:body water tracker and reminder}
}

@misc{Weka,
howpublished = {\url{http://www.cs.waikato.ac.nz/~ml/weka/}},
title = {Weka},
author = {Weka}
}

@misc{androiddeveloper,
howpublished = {\url{http://developer.android.com/index.html}},
title = {Android Developer},
author = {Google}
}

@misc{androidsensor,
howpublished = {\url{http://developer.android.com/reference/android/hardware/SensorManager.html}},
title = {Android Sensor},
author = {Google}
}
